@article{subtyping,
author = {Zappa Nardelli, F. and Belyakova, J..and Pelenitsyn, A. and Chung, B. and Bezanson, J. and Vitek, Jn},
title = {{Julia Subtyping: A Rational Reconstruction}},
journal = {OOPSLA 2018},
url = {https://doi.org/10.1145/3276483},
doi = {10.1145/3276483},
}

@article{worldage,
author = {Belyakova, Julia and Chung, Benjamin and Gelinas, Jack and Nash, Jameson and Tate, Ross and Vitek, Jan},
title = {World Age in Julia: Optimizing Method Dispatch in the Presence of Eval},
journal = {OOPSLA 2020},
url = {https://doi.org/10.1145/3428275},
doi = {10.1145/3428275},
}

@article{stability,
    author = {Pelenitsyn, A. and Belyakova, J. and Chung, B. and Tate, R. and Vitek, J.},
    title = {{Type Stability in Julia: Avoiding Performance Pathologies in JIT Compilation}},
    journal = {OOPSLA 2021},
    url = {https://doi.org/10.1145/3485527},
    doi = {10.1145/3485527},
}

