@InProceedings{chung:julia-sub-algo:2019,
  author =	{Benjamin Chung and Francesco Zappa Nardelli and Jan Vitek},
  title =	{{Julia's Efficient Algorithm for Subtyping Unions and Covariant Tuples (Pearl)}},
  journal = {ECOOP 2019},
  ISBN =	{978-3-95977-111-5},
  ISSN =	{1868-8969},
  year =	{2019},
  URL =		{http://drops.dagstuhl.de/opus/volltexte/2019/10816},
  URN =		{urn:nbn:de:0030-drops-108165},
  doi =		{10.4230/LIPIcs.ECOOP.2019.24},
  annote =	{Keywords: Type systems, Subtyping, Union types}
}

@inproceedings{Belyakova:2019:minijl-sub,
  author = {Belyakova, Julia},
  title = {Decidable Tag-based Semantic Subtyping for Nominal Types, Tuples, and Unions},
  journal = {FTfJP 2019},
  year = {2019},
  isbn = {978-1-4503-6864-3},
  location = {London, United Kingdom},
  url = {http://doi.acm.org/10.1145/3340672.3341115},
  doi = {10.1145/3340672.3341115},
  acmid = {3341115},
  keywords = {decidability, distributivity, multiple dispatch, nominal typing, semantic subtyping, type tags},
} 

@article{bezanson:julia-fresh:2017,
  author    = {Jeff Bezanson and Alan Edelman and Stefan Karpinski and Viral B. Shah},
  title     = {Julia: {A} Fresh Approach to Numerical Computing},
  journal   = {{SIAM} Review},
  volume    = {59},
  number    = {1},
  year      = {2017},
  doi       = {10.1137/141000671}}

@phdthesis{bezanson:julia:2015,
  author    = {Jeff Bezanson},
  title     = {Abstraction in technical computing},
  school    = {Massachusetts Institute of Technology},
  year      = {2015},
  url       = {http://hdl.handle.net/1721.1/99811}
}